<?xml version="1.0" encoding="UTF-8"?>
<record>
  <leader>01492nam#a2200457#cb4500</leader>
  <controlfield tag="005">20120428230600.0</controlfield>
  <controlfield tag="007">tu</controlfield>
  <controlfield tag="008">101110|1999####ja############|||#|#jpn#c</controlfield>
  <controlfield tag="003">DE-605</controlfield>
  <controlfield tag="001">990182814750206441</controlfield>
  <datafield tag="016" ind1="7" ind2=" ">
    <subfield code="a">1106968014</subfield>
    <subfield code="2">OCoLC</subfield>
  </datafield>
  <datafield tag="020" ind1=" " ind2=" ">
    <subfield code="a">4877287213</subfield>
    <subfield code="9">4-87728-721-3</subfield>
  </datafield>
  <datafield tag="035" ind1=" " ind2=" ">
    <subfield code="a">(DE-605)HT016580347</subfield>
  </datafield>
  <datafield tag="040" ind1=" " ind2=" ">
    <subfield code="a">61</subfield>
    <subfield code="b">ger</subfield>
    <subfield code="c">NII</subfield>
    <subfield code="e">rakwb</subfield>
    <subfield code="d">DE-605</subfield>
  </datafield>
  <datafield tag="041" ind1=" " ind2=" ">
    <subfield code="a">jpn</subfield>
  </datafield>
  <datafield tag="044" ind1=" " ind2=" ">
    <subfield code="c">XB-JP</subfield>
  </datafield>
  <datafield tag="100" ind1="1" ind2=" ">
    <subfield code="a">Yoshimoto, Banana</subfield>
    <subfield code="d">1964-</subfield>
    <subfield code="6">880-02</subfield>
    <subfield code="0">(DE-588)118992260</subfield>
    <subfield code="4">aut</subfield>
    <subfield code="0">https://portal.dnb.de/opac.htm?method=simpleSearch&amp;cqlMode=true&amp;query=idn=118992260</subfield>
    <subfield code="0">http://viaf.org/viaf/sourceID/DNB|118992260</subfield>
    <subfield code="B">GND-118992260</subfield>
  </datafield>
  <datafield tag="880" ind1="1" ind2=" ">
    <subfield code="6">100-02/Jpan</subfield>
    <subfield code="a">吉本, ばなな(1964-)</subfield>
  </datafield>
  <datafield tag="245" ind1="1" ind2="0">
    <subfield code="6">880-01</subfield>
    <subfield code="a">Sly</subfield>
    <subfield code="b"> = Surai</subfield>
    <subfield code="c">Yoshimoto Banana</subfield>
  </datafield>
  <datafield tag="880" ind1="1" ind2="0">
    <subfield code="6">245-01/Jpan</subfield>
    <subfield code="a">スライ</subfield>
    <subfield code="9">F:331a</subfield>
  </datafield>
  <datafield tag="880" ind1="1" ind2="0">
    <subfield code="6">245-01/Jpan</subfield>
    <subfield code="c">吉本ばなな</subfield>
    <subfield code="9">F:359</subfield>
  </datafield>
  <datafield tag="246" ind1="1" ind2="1">
    <subfield code="a">Surai</subfield>
  </datafield>
  <datafield tag="250" ind1=" " ind2=" ">
    <subfield code="6">880-03</subfield>
    <subfield code="a">Shohan</subfield>
  </datafield>
  <datafield tag="880" ind1=" " ind2=" ">
    <subfield code="6">250-03/Jpan</subfield>
    <subfield code="a">初版</subfield>
    <subfield code="9">F:403</subfield>
  </datafield>
  <datafield tag="264" ind1=" " ind2="1">
    <subfield code="6">880-06</subfield>
    <subfield code="a">Tōkyō</subfield>
    <subfield code="b">Gentōsha</subfield>
    <subfield code="c">Heisei 11</subfield>
  </datafield>
  <datafield tag="880" ind1=" " ind2="1">
    <subfield code="6">264-06/Jpan</subfield>
    <subfield code="a">東京</subfield>
    <subfield code="9">F:410</subfield>
  </datafield>
  <datafield tag="880" ind1=" " ind2="1">
    <subfield code="6">264-06/Jpan</subfield>
    <subfield code="b">幻冬舎</subfield>
    <subfield code="9">F:412</subfield>
  </datafield>
  <datafield tag="300" ind1=" " ind2=" ">
    <subfield code="a">228 S., [4] Bl. : Ill</subfield>
  </datafield>
  <datafield tag="490" ind1="1" ind2=" ">
    <subfield code="6">880-04</subfield>
    <subfield code="a">Gentōsha bunko</subfield>
    <subfield code="v">Yo-2-5</subfield>
  </datafield>
  <datafield tag="880" ind1="1" ind2=" ">
    <subfield code="6">490-04/Jpan</subfield>
    <subfield code="a">幻冬舎文庫 ;よ -2-5</subfield>
    <subfield code="9">F:451</subfield>
  </datafield>
  <datafield tag="880" ind1="1" ind2=" ">
    <subfield code="6">490-04/Jpan</subfield>
    <subfield code="v">よ-2-5</subfield>
    <subfield code="9">F:455</subfield>
  </datafield>
  <datafield tag="490" ind1="1" ind2=" ">
    <subfield code="6">880-05</subfield>
    <subfield code="a">Sekai no tabi</subfield>
    <subfield code="v">2</subfield>
  </datafield>
  <datafield tag="880" ind1="1" ind2=" ">
    <subfield code="6">490-05/Jpan</subfield>
    <subfield code="a">世界の旅</subfield>
    <subfield code="v">2</subfield>
    <subfield code="9">F:461</subfield>
  </datafield>
  <datafield tag="035" ind1=" " ind2=" ">
    <subfield code="a">(OCoLC)1106968014</subfield>
  </datafield>
  <datafield tag="035" ind1=" " ind2=" ">
    <subfield code="a">(DE-599)HBZHT016580347</subfield>
  </datafield>
  <datafield tag="960" ind1="1" ind2=" ">
    <subfield code="f">jap</subfield>
  </datafield>
  <datafield tag="964" ind1="0" ind2="s">
    <subfield code="F">051</subfield>
    <subfield code="A">s|||||||</subfield>
  </datafield>
  <datafield tag="964" ind1="0" ind2="i">
    <subfield code="I">marc-FMT via MAB2MARC</subfield>
    <subfield code="F">FMT</subfield>
    <subfield code="A">BK</subfield>
  </datafield>
  <datafield tag="964" ind1="0" ind2="s">
    <subfield code="F">030</subfield>
    <subfield code="A">a|1uc||||||17</subfield>
  </datafield>
  <datafield tag="964" ind1="0" ind2="s">
    <subfield code="F">050</subfield>
    <subfield code="A">a|||||||||||||</subfield>
  </datafield>
  <datafield tag="830" ind1=" " ind2="0">
    <subfield code="a">Gentōsha bunko</subfield>
    <subfield code="w">(DE-605)HT015822529</subfield>
    <subfield code="v">Yo-2-5</subfield>
    <subfield code="9">O:1</subfield>
  </datafield>
  <datafield tag="830" ind1=" " ind2="0">
    <subfield code="a">Sekai no tabi</subfield>
    <subfield code="w">(DE-605)HT014217870</subfield>
    <subfield code="v">2</subfield>
    <subfield code="9">O:2</subfield>
  </datafield>
  <datafield tag="MBD" ind1=" " ind2=" ">
    <subfield code="M">49HBZ_NETWORK</subfield>
    <subfield code="i">990182814750206441</subfield>
    <subfield code="n">HBZ Network</subfield>
  </datafield>
  <datafield tag="MBD" ind1=" " ind2=" ">
    <subfield code="M">49HBZ_DUE</subfield>
    <subfield code="i">990023890580206443</subfield>
    <subfield code="n">Universität Düsseldorf</subfield>
  </datafield>
  <datafield tag="MNG" ind1=" " ind2=" ">
    <subfield code="c">System</subfield>
    <subfield code="f">HBZ</subfield>
    <subfield code="i">marc21</subfield>
    <subfield code="h">20120428230600.0</subfield>
    <subfield code="k">01</subfield>
    <subfield code="e">false</subfield>
    <subfield code="d">2023-09-04 14:47:31 Europe/Berlin</subfield>
    <subfield code="g">018281475-HBZ01</subfield>
    <subfield code="j">60</subfield>
    <subfield code="a">import</subfield>
    <subfield code="b">2021-04-05 21:33:40 Europe/Berlin</subfield>
  </datafield>
  <datafield tag="H52" ind1="8" ind2=" ">
    <subfield code="b">X0001</subfield>
    <subfield code="c">01</subfield>
    <subfield code="h">oasl99990.y65</subfield>
    <subfield code="8">22250747540006443</subfield>
  </datafield>
  <datafield tag="HOL" ind1=" " ind2=" ">
    <subfield code="d">2022-10-12 17:31:45</subfield>
    <subfield code="8">22250747540006443</subfield>
    <subfield code="b">2021-04-01 09:38:43</subfield>
    <subfield code="M">49HBZ_DUE</subfield>
    <subfield code="g">false</subfield>
    <subfield code="a">import</subfield>
    <subfield code="c">System</subfield>
  </datafield>
  <datafield tag="ITM" ind1=" " ind2=" ">
    <subfield code="H">22250747540006443</subfield>
    <subfield code="x">01</subfield>
    <subfield code="f">BOOK</subfield>
    <subfield code="v">01</subfield>
    <subfield code="p">10</subfield>
    <subfield code="X">System</subfield>
    <subfield code="U">2010-11-10 11:59:00 Europe/Berlin</subfield>
    <subfield code="Y">2022-10-12 19:36:23 Europe/Berlin</subfield>
    <subfield code="h">false</subfield>
    <subfield code="P">24/a/r/1</subfield>
    <subfield code="M">49HBZ_DUE</subfield>
    <subfield code="s">1</subfield>
    <subfield code="d">8</subfield>
    <subfield code="V">import</subfield>
    <subfield code="b">122113301</subfield>
    <subfield code="a">23250747530006443</subfield>
    <subfield code="c">oasl99990.y65</subfield>
    <subfield code="S">ZB10-14635</subfield>
    <subfield code="D">20101025</subfield>
    <subfield code="W">2010-11-10 01:00:00 Europe/Berlin</subfield>
    <subfield code="u">X0001</subfield>
    <subfield code="w">X0001</subfield>
  </datafield>
  <datafield tag="GPN" ind1="0" ind2=" ">
    <subfield code="a">Yoshimoto Banana</subfield>
    <subfield code="d">1964-</subfield>
    <subfield code="A">GND</subfield>
    <subfield code="B">GND-118992260</subfield>
    <subfield code="C">400</subfield>
  </datafield>
  <datafield tag="GPN" ind1="1" ind2=" ">
    <subfield code="a">Yoshimoto, Mahoko</subfield>
    <subfield code="d">1964-</subfield>
    <subfield code="4">nawi</subfield>
    <subfield code="i">Wirklicher Name</subfield>
    <subfield code="A">GND</subfield>
    <subfield code="B">GND-118992260</subfield>
    <subfield code="C">400</subfield>
  </datafield>
  <datafield tag="GPN" ind1="0" ind2=" ">
    <subfield code="a">Yoshimoto Mahoko</subfield>
    <subfield code="d">1964-</subfield>
    <subfield code="4">nawi</subfield>
    <subfield code="i">Wirklicher Name</subfield>
    <subfield code="A">GND</subfield>
    <subfield code="B">GND-118992260</subfield>
    <subfield code="C">400</subfield>
  </datafield>
  <datafield tag="GPN" ind1="1" ind2=" ">
    <subfield code="9">U:Jpan</subfield>
    <subfield code="a">よしもと, ばなな</subfield>
    <subfield code="d">1964-</subfield>
    <subfield code="A">GND</subfield>
    <subfield code="B">GND-118992260</subfield>
    <subfield code="C">400</subfield>
  </datafield>
  <datafield tag="GPN" ind1="0" ind2=" ">
    <subfield code="9">U:Jpan</subfield>
    <subfield code="a">よしもとばなな</subfield>
    <subfield code="d">1964-</subfield>
    <subfield code="A">GND</subfield>
    <subfield code="B">GND-118992260</subfield>
    <subfield code="C">400</subfield>
  </datafield>
  <datafield tag="GPN" ind1="1" ind2=" ">
    <subfield code="9">U:Jpan</subfield>
    <subfield code="a">吉本, 真秀子</subfield>
    <subfield code="d">1964-</subfield>
    <subfield code="4">nawi</subfield>
    <subfield code="i">Wirklicher Name</subfield>
    <subfield code="A">GND</subfield>
    <subfield code="B">GND-118992260</subfield>
    <subfield code="C">400</subfield>
  </datafield>
  <datafield tag="GPN" ind1="0" ind2=" ">
    <subfield code="9">U:Jpan</subfield>
    <subfield code="a">吉本真秀子</subfield>
    <subfield code="d">1964-</subfield>
    <subfield code="4">nawi</subfield>
    <subfield code="i">Wirklicher Name</subfield>
    <subfield code="A">GND</subfield>
    <subfield code="B">GND-118992260</subfield>
    <subfield code="C">400</subfield>
  </datafield>
  <datafield tag="GPN" ind1="0" ind2=" ">
    <subfield code="9">U:Jpan</subfield>
    <subfield code="a">吉本ばなな</subfield>
    <subfield code="d">1964-</subfield>
    <subfield code="5">DE-576</subfield>
    <subfield code="A">GND</subfield>
    <subfield code="B">GND-118992260</subfield>
    <subfield code="C">400</subfield>
  </datafield>
  <datafield tag="GSI" ind1="7" ind2=" ">
    <subfield code="a">118992260</subfield>
    <subfield code="0">http://d-nb.info/gnd/118992260</subfield>
    <subfield code="2">gnd</subfield>
    <subfield code="A">GND</subfield>
    <subfield code="B">GND-118992260</subfield>
    <subfield code="C">024</subfield>
  </datafield>
</record>
